@misc{populationref,
    author = "{Coup d'oeil}", 
    title={Themes},
    url={http://www.ispf.pf/themes/Geographie/Population.aspx},
    journal={Coup d'oeil}
}

@misc{tahitiworldatlas,
    author = "{Worldatlas.com}",
	title = {Tahiti Map / Geography of Tahiti},
	url = {https://www.worldatlas.com/webimage/countrys/oceania/tahiti.htm},
	abstract = {Printable map of Tahiti and info and links to Tahiti facts, landforms, latitude, longitude, maps, and weather - by worldatlas.com},
	urldate = {2019-12-18}
}